2595 4384
1148 4084 36 56 1

171 433 157 59 All’s
362 433 156 59 well.

253 541 129 56 The
426 539 203 57 choice
675 539 66 56 of
784 539 102 56 the
931 538 235 69 crowd;
1210 536 182 71 being
1441 557 33 36 a
1520 535 322 58 collection
1888 536 67 56 of
1998 537 178 56 those

174 636 214 52 poems
421 616 350 71 appearing
800 616 64 55 in
897 614 218 58 “All’s
1145 613 194 58 well”
1370 613 197 57 which
1597 616 128 54 met
1756 612 150 57 with
1936 613 104 57 the
175 632 1977 133 approval
442 694 67 57 of
551 695 104 55 the
699 693 276 56 readers.
1061 690 435 73 Fayetteville,
1543 690 172 73 Ark.,
1763 690 129 57 The
1939 690 236 59 Golden

168 773 337 56 horseman
538 790 199 52 press,
775 770 165 56 1922.

244 862 66 43 xii
337 877 53 38 p.,
420 863 18 41 1
486 897 22 16 l.,
533 862 55 43 66
612 876 40 38 p.
716 860 50 44 17½
818 864 30 17 ͨͫ
855 894 10 10 .

174 933 51 52 ©
309 949 55 35 May
395 934 35 49 1,
460 932 104 42 1922;
618 932 63 41 2c.
709 932 114 50 June
854 931 71 43 12;
955 930 80 43 aff.
1060 931 99 51 Jan.
1185 929 40 53 8,
1255 930 131 51 1923;
1417 930 43 42 A
1486 929 190 53 690974;
1710 929 188 44 Charles
1927 932 40 51 J.
1994 930 182 53 Finger,

243 989 310 51 Fayetteville,
585 989 112 42 Ark.
768 987 242 53 (23-1029)

173 1103 336 58 American
547 1102 532 59 electrochemical
1118 1103 251 72 society.

253 1210 448 57 Transactions
739 1210 66 56 of
840 1211 102 55 the
979 1208 339 58 American
1354 1208 531 57 electrochemical
1924 1209 235 69 society.

228 1286 1947 74 v. 41. 41st general meeting, Baltimore, Md., April 27,
176 1368 69 55 28
281 1367 121 56 and
439 1367 87 70 29,
568 1367 164 55 1922.
809 1365 152 57 New
994 1365 174 57 York
1203 1365 142 71 city,
1384 1366 127 56 The
1549 1364 337 58 American
174 1365 1978 136 electrochemical
501 1444 252 71 society,
787 1445 165 55 1923.

241 1533 1451 53 viii, 416 p. front. (double ports.) illus., diagrs. 23 ½ ͨͫ .
170 1605 54 53 ©
255 1604 104 43 Feb.
392 1604 39 52 9,
463 1604 129 52 1923;
624 1604 65 44 2c.
721 1604 86 43 and
838 1604 80 44 aff.
950 1602 106 45 Feb.
1092 1604 72 50 12;
1200 1604 45 41 A
1276 1602 190 53 698259;
1501 1604 57 43 A.
1591 1605 56 42 D.
1684 1602 234 54 Spillman,
1950 1610 106 37 asst.
2091 1618 85 30 sec.

241 1661 51 44 of
321 1660 73 43 the
422 1662 155 41 Amer.
609 1660 387 44 electrochemical
1026 1675 104 37 soc.,
1162 1660 119 44 New
1307 1660 145 43 York.

170 1775 337 57 American
546 1775 267 72 railway
853 1773 395 59 association.
1332 1775 391 58 Mechanical
1769 1774 291 61 division.

248 1880 398 58 Locomotive
697 1880 360 71 cyclopedia
1106 1881 69 56 of
1221 1880 340 57 American
1604 1880 309 72 practice;
1966 1881 188 59 defini
172 1959 164 58 tions
372 1960 122 57 and
525 1958 237 73 typical
791 1957 423 59 illustrations
1248 1957 67 59 of
1344 1958 423 74 locomotives,
1799 1959 167 58 their
1995 1963 181 69 parts

173 2039 121 56 and
323 2037 389 72 equipment;
740 2036 419 72 descriptions
1188 2037 123 57 and
1337 2036 423 59 illustrations
1790 2038 68 56 of
1883 2038 103 57 the
2015 2038 159 58 tools

173 2117 123 56 and
326 2116 286 56 methods
651 2116 325 70 employed
1008 2114 67 57 in
1107 2114 167 58 their
1309 2116 428 56 construction
1773 2117 123 56 and
1930 2117 244 71 repair;

171 2194 400 57 locomotives
617 2194 159 56 built
822 2194 65 55 in
933 2192 295 58 America
1275 2193 105 56 for
1424 2193 343 57 industrial
1814 2195 361 70 operations

170 2273 123 56 and
315 2275 104 53 for
441 2271 251 73 foreign
717 2271 331 56 railroads.
1134 2271 106 56 6th
1266 2271 341 57 ed.—1922.
1696 2270 194 73 Comp.
1934 2275 124 56 and
2085 2274 89 56 ed.

172 2350 102 57 for
317 2350 104 56 the
466 2350 337 56 American
849 2348 262 71 railway
1154 2348 753 59 association—Division
1949 2370 55 50 v,
172 2351 1980 133 Mechanical
498 2427 338 70 (formerly
873 2426 337 57 American
1250 2426 264 71 railway
1549 2430 241 54 master
1824 2428 352 58 mechanics

172 2503 2001 156 association) Editor: Boy V . Wright … managing editor: Charles N. Winter … New York, N. Y., Chicago,
169 2663 93 56 Ill.
361 2667 146 68 [etc.]
615 2661 704 58 Simmons-Boardman
1411 2661 365 73 publishing
1866 2682 306 53 company

172 2742 201 72 [ c 1922]
243 2830 770 55 1155 p. illus., diagrs. 30½ ͨͫ .
242 2902 178 46 Earlier
447 2902 205 52 editions,
680 2902 60 52 by
766 2902 245 42 American
1039 2900 189 54 railway
1253 2908 170 36 master
1451 2901 268 45 mechanics’
1747 2904 288 53 association,
2062 2904 113 44 have

170 2960 96 43 title:
328 2959 292 44 Locomotive
653 2958 267 53 dictionary.

168 3029 54 53 ©
248 3031 107 42 Dec.
379 3027 66 54 27,
473 3029 128 47 1922;
627 3029 65 42 2c.
718 3029 98 51 Jan.
842 3028 37 51 8,
910 3028 129 51 1923;
1066 3028 79 43 aff.
1170 3028 99 51 Jan.
1295 3028 47 50 9;
1373 3028 42 42 A
1439 3028 190 53 690966;
1660 3028 512 46 Simmons-Boardman

239 3087 100 52 pub.
367 3101 65 29 co.
502 3084 242 54 (23-1061)

170 3200 205 69 Ames,
411 3199 282 59 William
728 3199 249 71 Homer,
1016 3200 147 57 1876–

250 3307 108 55 100
382 3309 236 53 master
644 3306 292 69 speeches
963 3305 103 56 for
1090 3305 103 56 the
1217 3324 109 37 use
1353 3305 65 57 of
1444 3310 268 65 orators,
1740 3308 286 58 students
2052 3311 122 55 and

172 3384 301 70 teachers,
510 3382 232 57 officers
779 3383 122 56 and
931 3381 309 58 members
1275 3383 67 57 of
1375 3382 190 68 clubs,
1601 3383 284 58 societies
1922 3388 123 56 and

172 3406 1978 125 organizations,
614 3460 288 57 business
940 3460 122 56 and
1094 3459 429 71 professional
1554 3480 158 39 men.
1787 3462 59 55 A
1878 3467 297 68 treasury

174 3538 65 55 of
280 3538 103 57 the
423 3537 259 57 world’s
724 3538 139 56 best
906 3537 266 71 thought
1215 3555 78 38 on
1336 3537 323 64 questions
1703 3540 66 56 of
1812 3542 235 70 to-day,
2092 3542 82 71 by

171 3614 2002 150 William Homer Ames, PH. B., and Paul A. Miller … Harrisburg, Pa., Pub. by The Evangelical press for Public
173 3769 324 72 speakers’
528 3768 236 72 society
797 3799 11 42 [
813 3776 18 21 c
834 3769 165 71 1922]

235 3860 82 44 272
343 3876 39 38 p.
441 3861 53 44 23½
529 3864 49 18 ͨͫ
584 3895 10 10 .

170 3929 51 51 ©
248 3930 117 42 Nov.
393 3928 67 51 25,
488 3929 129 46 1922;
645 3929 64 41 2c.
738 3929 108 41 Dec.
879 3928 72 47 14;
982 3927 78 42 aff.
1087 3928 99 51 Jan.
1221 3927 62 52 10,
1314 3927 128 52 1923;
1474 3929 43 42 A
1543 3929 191 53 690995;
1766 3932 178 53 George
1971 3935 57 44 A.
241 3936 1909 101 Farrell,
367 3985 302 51 Harrisburg,
703 3985 79 42 Pa.
852 3983 242 52 (23-1464)
